|0000|017|0|01012026|31012026|EMPRESA EXEMPLO LTDA|12345678000199|SP|||A|1|
|0150|001|Cliente Gama Distribuicao LTDA|1058|11222333000144|||||||
|0150|002|Fornecedor Delta Componentes LTDA|1058|22333444000155|||||||
|0200|P001|Notebook 14 polegadas|||UN|00|84713012||00||0,00|
|0200|P002|Mouse sem fio|||UN|00|84716052||00||0,00|
|C100|1|1|001|55|00|1001|chave-exemplo-001|01012026|01012026|3200,00|0,00|0,00|0,00|0,00|
|C170|1|P001|Notebook 14 polegadas|1,00|UN|3200,00|0,00|0|00|5102|||0,00|0,00|0,00|
|C170|2|P002|Mouse sem fio|2,00|UN|240,00|0,00|0|00|5102|||0,00|0,00|0,00|
|C100|0|0|002|55|00|550|chave-exemplo-002|02012026|02012026|1800,00|0,00|0,00|0,00|0,00|
|C170|1|P001|Notebook 14 polegadas (compra para revenda)|1,00|UN|1800,00|0,00|0|00|1102|||0,00|0,00|0,00|
|9999|10|
